
@article{@6960-ALONSO1997,
keywords          = {,20250518TPUMAUROB},
author            = {Alonso, Paula},
title             = {“En la primavera de la historia”},
journalTitle      = {Boletín del Instituto de Historia Argentina y Americana  Dr. Emilio Ravignani},
series            = {Tercera serie},
year              = {1997},
date              = {1er. Semestre de 1997},
urlDate           = {-},
location          = {Buenos Aires},
publisher         = {Boletín del Instituto de Historia Argentina y Americana “Dr. Emilio Ravignani”},
pages             = {35-70},
hyphenation       = {spanish},
language          = {spanish},
origLocation      = {Buenos Aires},
pageTotal         = {35},
origLanguage      = {spanish},
issn              = {0524},
number            = {15},
subtitle          = {El discurso político del roquismo de la década del ochenta a través de su prensa},
}
@article{@6961-ALTHEIDE1976,
keywords          = {,20250518TPUMAUROB},
author            = {Altheide, D. y Rasmussen, P.},
editor            = {Daniel B. Cornfield},
title             = {Becoming News:  A Study of Two Newsrooms},
journalTitle      = {Sociology of Works an Occupations},
issueTitle        = {Sociología del trabajo},
volume            = {3},
edition           = {Daniel B. Cornfield},
year              = {1976},
date              = {1976-05},
location          = {Nashville},
publisher         = {Sage publications},
pages             = {223-226},
hyphenation       = {english},
language          = {english},
pageTotal         = {4},
origLanguage      = {english},
issn              = {0730-8884},
url               = {https://journals.sagepub.com/doi/abs/10.1177/073088847600300206},
doi               = {10.1177/073088847600300206},
number            = {2},
}
@book{@6962-AMADO:201,
keywords          = {,20250518TPUMAUROB},
author            = {Amado, Adriana},
editor            = {Amado, Adriana},
editorA           = {Martín Oller-Alonso Coordinador},
title             = {Argentina.
Periodismos argentinos:
identidades e
interrogantes},
bookTitle         = {El periodismo por los periodistas. Perfiles profesionales en las democracias de América Latina},
issueTitle        = {Preriodidmo en América Latina},
chapter           = {Argentina.
Periodismos argentinos:
identidades e
interrogantes},
date              = {:2016-12-20},
location          = {Motevideo},
publisher         = {Konrad-Adenauer-Stiftung  y Centro para la Información Ciudadano},
pages             = {27-39},
hyphenation       = {spanish},
language          = {spanish},
origLocation      = {Montievideo},
pageTotal         = {12},
bookPagination    = {page},
origLanguage      = {spanish},
isbn              = {ISBN 978-9974-8440-5-6.},
}
@article{@6963-ARRUETA2013,
keywords          = {,20250518TPUMAUROB},
author            = {Arrueta, Cesar},
title             = {Identidad(es) periodística(s) Una mirada desde los escenarios de tensión},
journalTitle      = {Tram[p]as de la Comunicación y la Cultura},
year              = {2013},
location          = {La Plata},
publisher         = {Secretaría de Investigaciones Científicas de la Facultad de Periodismo y Comunicación Social de la Universidad Nacional de La Plata},
pages             = {81-87},
hyphenation       = {spanish},
language          = {spanish},
pageTotal         = {7},
issn              = {2314-274X},
url               = {http://sedici.unlp.edu.ar/handle/10915/37153},
number            = {76},
}
@book{@6964-BARGACH2014,
keywords          = {,20250518TPUMAUROB},
author            = {Bargach, A. y Suárez, M.},
title             = {Télam, el hecho maldito del periodismo argentino},
date              = {2014},
location          = {Buenos aires},
publisher         = {Ediciones TXT},
pages             = {35},
hyphenation       = {spanish},
language          = {spanish},
pageTotal         = {468},
isbn              = {978-987-45873-2-9},
subtitle          = {Una historia narrada por sus trabajadores},
}
@book{@6965-BARONE2011,
keywords          = {,20250518TPUMAUROB},
author            = {Barone, Orlando},
title             = {K Letra bárbara: periodismo sucio y público sublevado},
year              = {2011},
location          = {Buenos Aires},
publisher         = {Sudamericana},
hyphenation       = {spanish},
language          = {spanish},
pageTotal         = {223},
isbn              = {9500736683, 9789500736688},
}
@book{@6966-BARRERA2004,
keywords          = {,20250518TPUMAUROB},
author            = {Barrera, Carlos},
title             = {Historia del Periodismo Universal},
date              = {2004},
location          = {Barcelona},
publisher         = {Ariel},
hyphenation       = {spanish},
language          = {spanish},
pageTotal         = {417},
isbn              = {9788434413009},
}
@book{@6967-BENHAMOU2015,
keywords          = {,20250518TPUMAUROB},
author            = {Benhamou, Françoise},
translator        = {Ostroviesky, Heber},
title             = {El libro en la era digital: papel, pantallas y otras derivas},
date              = {2015},
location          = {Ciudad Autónoma de Buenos Aires},
publisher         = {Paidós},
pages             = {34-35},
hyphenation       = {spanish},
language          = {spanish},
pageTotal         = {208},
isbn              = {9789501203028},
}
@book{@6968-BERNAYS2008,
keywords          = {,20250518TPUMAUROB},
author            = {Bernays, Edward},
bookAuthor        = {Bernays, Edward},
editor            = {Melusina},
translator        = {Albert Fuentes},
introduction      = {Toni Segarra},
title             = {Propaganda},
year              = {2008},
location          = {Madrid},
hyphenation       = {spanish},
language          = {spanish},
pageTotal         = {78},
}
@book{@6969-BLAUSTEIN2013,
keywords          = {,20250518TPUMAUROB},
author            = {Blaustein, Eduardo},
bookAuthor        = {Blaustein, Eduardo},
title             = {Años de Rabia },
year              = {2013},
location          = {Buenos Aries},
publisher         = {Ediciones B},
hyphenation       = {spanish},
language          = {spanish},
subtitle          = {El periodismo, los medios y las batallas del kirchnerismo},
}

@Comment{generado con gbTeXpublisher; databaseType:biblatex; fecha de creación: 20/06/2025;}